
@article{Etter2011,
	title = {{SNP} discovery and genotyping for evolutionary genetics using {RAD} sequencing},
	volume = {772},
	journal = {Methods Mol. Biol.},
	author = {Etter, Paul D and Bassham, Susan and Hohenlohe, Paul A and Johnson, Eric A and Cresko, William A},
	year = {2011},
	pages = {157--178}
}

@article{Peterson2012,
	title = {Double Digest {RADseq:} An Inexpensive Method for De Novo {SNP} Discovery and Genotyping in Model and Non-Model Species},
	volume = {7},
	number = {5},
	journal = {{PLoS} {ONE}},
	author = {Peterson, Brant K. and Weber, Jesse N. and Kay, Emily H. and Fisher, Heidi S. and Hoekstra, Hopi E.},
	month = may,
	year = {2012},
	pages = {e37135}
}
